@incollection{pawlewicz2011nearly,
  title={Nearly optimal computer play in multi-player yahtzee},
  author={Pawlewicz, Jakub},
  booktitle={Computers and Games},
  pages={250--262},
  year={2011},
  publisher={Springer}
}

@article{glenn2006optimal,
  title={An optimal strategy for Yahtzee},
  author={Glenn, James},
  journal={Loyola College in Maryland, Tech. Rep. CS-TR-0002},
  year={2006}
}

@article{serra2013optimal,
  title={Optimal Yahtzee performance in multi-player games},
  author={Serra, Andreas and Widell Niigata, Kai},
  year={2013}
}

@inproceedings{davidson2013baseline,
  title={The Baseline Approach to Agent Evaluation},
  author={Davidson, Josh and Archibald, Christopher and Bowling, Michael},
  booktitle={Workshops at the Twenty-Seventh AAAI Conference on Artificial Intelligence},
  year={2013}
}

@misc{yahtzeerules,
	title = {Yahtzee Instructions},
	url = {http://www.hasbro.com/common/instruct/Yahtzee.pdf},
	author = {{Milton Bradley Company}},
	year = {1996}
}
